<?xml version="1.0" encoding="UTF-8"?><collection xmlns="http://www.loc.gov/MARC21/slim"><record><leader>00537nam--2200181-i-4500</leader><controlfield tag="001">000047247</controlfield><controlfield tag="002">20161230</controlfield><controlfield tag="005">20161230201046</controlfield><controlfield tag="008">060222s1000------------r-----000-0-eng-d</controlfield><datafield ind1=" " ind2=" " tag="040"><subfield code="a">IFIN-HH</subfield></datafield><datafield ind1=" " ind2=" " tag="080"><subfield code="a">539.163:621.039.8</subfield></datafield><datafield ind1="1" ind2=" " tag="100"><subfield code="a">Whitehouse, W.J</subfield></datafield><datafield ind1="1" ind2="0" tag="245"><subfield code="a">Radioactive isotopes</subfield><subfield code="b">An introduction to their preparation, measurement and use</subfield><subfield code="c">W.j. whitehouse, j.l. putman</subfield></datafield><datafield ind1=" " ind2=" " tag="260"><subfield code="a">Oxford</subfield><subfield code="b">Clarendon Press</subfield><subfield code="c">1958</subfield></datafield><datafield ind1=" " ind2=" " tag="300"><subfield code="a">XIII + 424 P</subfield></datafield><datafield ind1="1" ind2=" " tag="700"><subfield code="a">Putman, J.L</subfield></datafield><datafield ind1=" " ind2=" " tag="852"><subfield code="a">10090</subfield><subfield code="c">539.163</subfield></datafield><datafield ind1=" " ind2=" " tag="CAT"><subfield code="a">Sys</subfield><subfield code="c">20120516</subfield><subfield code="h">123419</subfield></datafield></record></collection>